@article{
      Ayasdi,
      Abstract = {Ayasdi's explanation of TDA vs. Graph},
      Url = {https://www.ayasdi.com/blog/bigdata/understanding-distinction-clustering-tda/}   
}
@article{
Carlsson,
Title={Topological Methods for the Analysis of High Dimensional Data Sets and 3D Object Recognition},
Author={Gurjeet Singh ,Facundo Mémoli, Gunnar Carlsson},
Institution={Institute for Computational and Mathematical Engineering},
University={Stanford University},
Department={Department of Mathematics},
Year={2007},
Pages={9},
Pages={91--100},
Url={https://research.math.osu.edu/tgda/mapperPBG.pdf},
Article={Eurographics Symposium on Point Based Graphics},
Journal={European Association for Computer Graphics},
}


@article{
Childs2016,
Title={Topological Graph Theory and Graphs of Positive Combinatorial Curvature},
Institution={Whitman College},
Year={2016},
Author={Marissa L. Childs}
}

@article{
Kuhn2002,
Title={Graph-theoretical versus topological ends of graphs},
Author={Reinhard Diestel and  Daniela Kuhn},
Year={2002},
Abstract={We compare the notions of an end that exist in the graph-theoretical
and, independently, in the topological literature. These notions conflict
except for locally finite graphs, and we show how each can be
expressed in the context of the other. We find that the topological
ends of a graph are precisely the undominated of its graph-theoretical
ends, and that graph theoretical ends have a simple topological description
generalizing the definition of a topological end.},
}

@article{
Verdiere2016,
Title={Graphs on Surfaces: Topological Algorithms},
Author={Éric Colin de Verdière},
Year={2016},
Journal={École de Printemps d’Informatique Théorique 2016},
Url={http://monge.univ-mlv.fr/~colinde/proj/16epit/eric-notes.pdf}
}

@article{
Piegl,
title={Using Topological Data Analysis to Infer the Quality in Point Cloud-based 3D Printed
Objects},
authors={Piegl et. al},
doi={10.14733/cadconfP.2018.xxx-yyy},
keywords={3D Printing, Point Cloud, Topological Data Analysis},
year={2018},
journal={CAD solutions},
city={paris},
country={france},
url={http://www.cadconferences.com}
}

@article{
Bianconi2009,
title={Entropy measures for networks: Toward an information theory of complex topologies},
author={Anand and Bianconi},
year={2009},

}